%key: label
@book{hecht,
  author         = {Eugene Hecht},
  editor         = {},
  publisher      = {Pearson Education},
  title          = {Optics},
  year           = {2017}
}