@article{example1,
  author   = {Author One},
  title    = {Example Article},
  journal  = {Journal Name},
  year     = {2020},
  keywords = {exclude}
}

@book{example2,
  author    = {Author Two},
  title     = {Example Book},
  publisher = {Publisher Name},
  year      = {2021},
  keywords  = {exclude}
}

@misc{example3,
  author       = {Author Three},
  title        = {Example Misc},
  howpublished = {Online},
  year         = {2022}
}
